@techreport{fsumathposter25,
    author = {Rafiq Islam},
    title = {FSU Mathematics General Poster Design},
    institution = {Florida State University},
    year = 2025,
    version ={1}
}